<?xml version="1.0" encoding="UTF-8"?><collection xmlns="http://www.loc.gov/MARC21/slim"><record><leader>00434nam--2200157-i-4500</leader><controlfield tag="001">000025143</controlfield><controlfield tag="002">20161230</controlfield><controlfield tag="005">20161230201035</controlfield><controlfield tag="008">060222s1000------------r-----000-0-eng-d</controlfield><datafield ind1=" " ind2=" " tag="080"><subfield code="a">517.43</subfield></datafield><datafield ind1=" " ind2=" " tag="100"><subfield code="a">Beals, Richard</subfield></datafield><datafield ind1=" " ind2=" " tag="245"><subfield code="a">Topics in operator theory</subfield></datafield><datafield ind1=" " ind2=" " tag="260"><subfield code="a">Chicago, The University Of Chicago Press, 1971 X + 130 P</subfield></datafield><datafield ind1=" " ind2=" " tag="490"><subfield code="a">Chicago Lectures In Mathematics</subfield></datafield><datafield ind1=" " ind2=" " tag="852"><subfield code="a">41231</subfield><subfield code="c">517.43</subfield></datafield><datafield ind1=" " ind2=" " tag="CAT"><subfield code="a">Sys</subfield><subfield code="c">20080915</subfield><subfield code="h">104214</subfield></datafield></record></collection>